<record><leader>00000cas a2200000 a 4500</leader><controlfield tag="001">28094065</controlfield><controlfield tag="008">930512d1900190uiludn ne      0   a0eng c</controlfield><datafield ind1=" " ind2=" " tag="010"><subfield code="a">sn 93055874 </subfield></datafield><datafield ind1=" " ind2=" " tag="040"><subfield code="a">NVF</subfield><subfield code="b">eng</subfield><subfield code="c">NVF</subfield><subfield code="d">NVF</subfield><subfield code="d">OCLCQ</subfield><subfield code="d">OCLCF</subfield><subfield code="d">NVF</subfield><subfield code="d">OCLCO</subfield></datafield><datafield ind1="1" ind2=" " tag="029"><subfield code="a">AU@</subfield><subfield code="b">000020740598</subfield></datafield><datafield ind1=" " ind2=" " tag="042"><subfield code="a">pcc</subfield></datafield><datafield ind1=" " ind2=" " tag="043"><subfield code="a">n-us-il</subfield></datafield><datafield ind1="0" ind2="4" tag="245"><subfield code="a">The Lincoln daily news.</subfield></datafield><datafield ind1=" " ind2=" " tag="260"><subfield code="a">Lincoln, Ill. :</subfield><subfield code="b">Edward Regnier Branson,</subfield><subfield code="c">1900-[190-?]</subfield></datafield><datafield ind1=" " ind2=" " tag="300"><subfield code="a">v.</subfield></datafield><datafield ind1=" " ind2=" " tag="310"><subfield code="a">Daily (except Sunday)</subfield></datafield><datafield ind1="0" ind2=" " tag="362"><subfield code="a">Feb. 1, 1900-</subfield></datafield><datafield ind1=" " ind2=" " tag="580"><subfield code="a">Semiweekly ed.: Lincoln news (Lincoln, Ill. : Semiweekly), 1900-&lt;&gt;</subfield></datafield><datafield ind1=" " ind2=" " tag="588"><subfield code="a">Latest issue consulted: Sept. 8, 1900.</subfield></datafield><datafield ind1=" " ind2="0" tag="651"><subfield code="a">Lincoln (Ill.)</subfield><subfield code="v">Newspapers.</subfield></datafield><datafield ind1=" " ind2="7" tag="651"><subfield code="a">Illinois</subfield><subfield code="z">Lincoln.</subfield><subfield code="2">fast</subfield><subfield code="0">(OCoLC)fst01225922</subfield></datafield><datafield ind1=" " ind2="7" tag="655"><subfield code="a">Newspapers.</subfield><subfield code="2">fast</subfield><subfield code="0">(OCoLC)fst01423814</subfield></datafield><datafield ind1=" " ind2=" " tag="752"><subfield code="a">United States</subfield><subfield code="b">Illinois</subfield><subfield code="c">Logan</subfield><subfield code="d">Lincoln.</subfield></datafield><datafield ind1="1" ind2=" " tag="775"><subfield code="t">Lincoln news (Lincoln, Ill. : Semiweekly)</subfield><subfield code="w">(DLC)sn 93055875</subfield><subfield code="w">(OCoLC)28094444</subfield></datafield><datafield ind1="0" ind2="0" tag="780"><subfield code="t">Lincoln news (Lincoln, Ill. : Daily)</subfield><subfield code="w">(DLC)sn 93055873</subfield><subfield code="w">(OCoLC)28094007</subfield></datafield><datafield ind1="0" ind2="0" tag="785"><subfield code="t">Lincoln daily news-herald</subfield><subfield code="w">(DLC)sn 87082770</subfield><subfield code="w">(OCoLC)15871782</subfield></datafield></record>